<record xmlns="http://www.loc.gov/MARC21/slim" xmlns:xsi="http://www.w3.org/2001/XMLSchema-instance" xsi:schemaLocation="http://www.loc.gov/MARC21/slim http://www.loc.gov/standards/marcxml/schema/MARC21slim.xsd"><leader>     nam a22        4500</leader><controlfield tag="001">3082686</controlfield><controlfield tag="003">NNC</controlfield><controlfield tag="006">m        d        </controlfield><controlfield tag="007">cr cn |||m|||a</controlfield><controlfield tag="008">150313s1962    sy      o     000 0 ara d</controlfield><datafield ind1=" " ind2=" " tag="040"><subfield code="a">NNU</subfield><subfield code="b">eng</subfield><subfield code="e">rda</subfield><subfield code="c">NNU</subfield></datafield><datafield ind1="1" ind2=" " tag="100"><subfield code="a">Jawwa&#772;ni&#772;, Muh&#803;ammad ibn As&#699;ad,</subfield><subfield code="d">1131-1192.</subfield></datafield><datafield ind1="1" ind2="0" tag="245"><subfield code="a">Mukhtas&#803;ar min al-kala&#772;m fi&#772; al-farq bayna man ism abi&#772;hi Salla&#772;m wa- Sala&#772;m,</subfield><subfield code="c">takhri&#772;j al-h&#803;asi&#772;b al-nasi&#772;b al-naqi&#772;b Abi&#772; &#699;Ali&#772; Muh&#803;ammad ibn As&#699;ad ibn &#699;Ali&#772; ibn Ma&#699;mar al-H&#803;usayni&#772; al-Jawwa&#772;ni&#772;, h&#803;aqqaqahu&#772; S&#803;ala&#772;h-al-Di&#772;n al-Munajjid.</subfield></datafield><datafield ind1=" " ind2=" " tag="260"><subfield code="a">Dimashq</subfield><subfield code="b">[Mat&#803;b. al-Taraqqi&#772;]</subfield><subfield code="c">1382 h., 1962 m.</subfield></datafield><datafield ind1=" " ind2=" " tag="300"><subfield code="a">online resource (21 pages)</subfield></datafield><datafield ind1=" " ind2=" " tag="336"><subfield code="a">text</subfield><subfield code="2">rdacontent</subfield></datafield><datafield ind1=" " ind2=" " tag="337"><subfield code="a">computer</subfield><subfield code="2">rdamedia</subfield></datafield><datafield ind1=" " ind2=" " tag="338"><subfield code="a">online resource</subfield><subfield code="2">rdacarrier</subfield></datafield><datafield ind1=" " ind2=" " tag="500"><subfield code="a">At head of title: Mat&#803;bu&#772;&#699;a&#772;t al-Majma&#699; al-&#699;Ilmi&#772; al-&#699;Arabi&#772; bi Dimashq.</subfield></datafield><datafield ind1=" " ind2=" " tag="500"><subfield code="a">Part of the Arabic Collections Online (ACO) project, contributed by Columbia University Libraries.</subfield></datafield><datafield ind1=" " ind2=" " tag="533"><subfield code="a">Electronic reproduction.</subfield><subfield code="b">New York, N.Y. :</subfield><subfield code="c">New York University,</subfield><subfield code="d">2015.</subfield><subfield code="5">NNU</subfield></datafield><datafield ind1="2" ind2=" " tag="710"><subfield code="a">Columbia University.</subfield><subfield code="b">Libraries.</subfield></datafield><datafield ind1="0" ind2=" " tag="730"><subfield code="a">Arabic Collections Online.</subfield></datafield><datafield ind1="0" ind2="8" tag="776"><subfield code="i">Print version:</subfield><subfield code="a">Jawwa&#772;ni&#772;, Muh&#803;ammad ibn As&#699;ad, 1131-1192.</subfield><subfield code="t">Mukhtas&#803;ar min al-kala&#772;m fi&#772; al-farq bayna man ism abi&#772;hi Salla&#772;m wa- Sala&#772;m</subfield><subfield code="w">(NNC)3082686</subfield><subfield code="w">(OCoLC)47942156</subfield></datafield><datafield ind1="4" ind2="0" tag="856"><subfield code="u">http://hdl.handle.net/2333.1/c2fqz8d4</subfield></datafield><datafield ind1=" " ind2=" " tag="959"><subfield code="a">NNU</subfield><subfield code="b">WEB</subfield><subfield code="c">GENI</subfield><subfield code="t">0</subfield><subfield code="m">Electronic access</subfield><subfield code="s">01</subfield></datafield><datafield ind1=" " ind2=" " tag="999"><subfield code="i">NNC_3082686</subfield><subfield code="o">(OCoLC)ocm47942156 </subfield><subfield code="s">columbia_aco000498</subfield><subfield code="e">(ERROR-880)</subfield></datafield></record>